@article{bachrach:grade,
  title={How To Grade a Test Without Knowing the Answers---A Bayesian Graphical Model for Adaptive Crowdsourcing and Aptitude Testing},
  author={Bachrach, Yoram and Graepel, Thore and Minka, Tom and Guiver, John},
  journal={arXiv preprint arXiv:1206.6386},
  year={2012}
}

@article{bleiholder:data,
  title={Data fusion},
  author={Bleiholder, Jens and Naumann, Felix},
  journal={ACM Computing Surveys (CSUR)},
  volume={41},
  number={1},
  pages={1},
  year={2008},
  publisher={ACM}
}

@article{dong:data,
  title={From Data Fusion to Knowledge Fusion},
  author={Dong, Xin Luna and Gabrilovich, Evgeniy and Heitz, Geremy and Horn, Wilko and Murphy, Kevin and Sun, Shaohua and Zhang, Wei},
  journal={Proceedings of the VLDB Endowment},
  volume={7},
  number={10},
  year={2014}
}

@article{dong:integrating,
  title={Integrating conflicting data: the role of source dependence},
  author={Dong, Xin Luna and Berti-Equille, Laure and Srivastava, Divesh},
  journal={Proceedings of the VLDB Endowment},
  volume={2},
  number={1},
  pages={550--561},
  year={2009},
  publisher={VLDB Endowment}
}

@article{li:truth,
  title={Truth finding on the deep web: is the problem solved?},
  author={Li, Xian and Dong, Xin Luna and Lyons, Kenneth and Meng, Weiyi and Srivastava, Divesh},
  journal={Proceedings of the VLDB Endowment},
  volume={6},
  number={2},
  pages={97--108},
  year={2012},
  publisher={VLDB Endowment}
}

@inproceedings{li:resolving,
  title={Resolving conflicts in heterogeneous data by truth discovery and source reliability estimation},
  author={Li, Qi and Li, Yaliang and Gao, Jing and Zhao, Bo and Fan, Wei and Han, Jiawei},
  booktitle={Proceedings of the 2014 ACM SIGMOD international conference on Management of data},
  pages={1187--1198},
  year={2014},
  organization={ACM}
}

@inproceedings{pasternack:knowing,
  title={Knowing what to believe (when you already know something)},
  author={Pasternack, Jeff and Roth, Dan},
  booktitle={Proceedings of the 23rd International Conference on Computational Linguistics},
  pages={877--885},
  year={2010},
  organization={Association for Computational Linguistics}
}

@inproceedings{pasternack:latent,
  title={Latent credibility analysis},
  author={Pasternack, Jeff and Roth, Dan},
  booktitle={Proceedings of the 22nd international conference on World Wide Web},
  pages={1009--1020},
  year={2013},
  organization={International World Wide Web Conferences Steering Committee}
}

@inproceedings{pasternack:making,
  title={Making better informed trust decisions with generalized fact-finding},
  author={Pasternack, Jeff and Roth, Dan},
  booktitle={IJCAI Proceedings-International Joint Conference on Artificial Intelligence},
  volume={22},
  number={3},
  pages={2324},
  year={2011}
}

@inproceedings{pochampally:fusing,
  title={Fusing data with correlations},
  author={Pochampally, Ravali and Das Sarma, Anish and Dong, Xin Luna and Meliou, Alexandra and Srivastava, Divesh},
  booktitle={Proceedings of the 2014 ACM SIGMOD international conference on Management of data},
  pages={433--444},
  year={2014},
  organization={ACM}
}

@article{naumann:data,
  title={Data Fusion in Three Steps: Resolving Schema, Tuple, and Value Inconsistencies.},
  author={Naumann, Felix and Bilke, Alexander and Bleiholder, Jens and Weis, Melanie},
  journal={IEEE Data Eng. Bull.},
  volume={29},
  number={2},
  pages={21--31},
  year={2006}
}

@inproceedings{nguyen:minimizing,
  title={Minimizing Efforts in Validating Crowd Answers},
  author={Nguyen, Quoc Viet Hung and Duong, Chi Thang and Weidlich, Matthias and Aberer, Karl},
  booktitle={The 2015 ACM SIGMOD/PODS Conference},
  number={EPFL-CONF-204725},
  year={2015}
}

@inproceedings{sarma:data,
  title={Data integration with dependent sources},
  author={Sarma, Anish Das and Dong, Xin Luna and Halevy, Alon},
  booktitle={Proceedings of the 14th International Conference on Extending Database Technology},
  pages={401--412},
  year={2011},
  organization={ACM}
}

@inproceedings{sheng:get,
  title={Get another label? improving data quality and data mining using multiple, noisy labelers},
  author={Sheng, Victor S and Provost, Foster and Ipeirotis, Panagiotis G},
  booktitle={Proceedings of the 14th ACM SIGKDD international conference on Knowledge discovery and data mining},
  pages={614--622},
  year={2008},
  organization={ACM}
}

@article{waguih:truth,
  author    = {Dalia Attia Waguih and
               Laure Berti{-}Equille},
  title     = {Truth Discovery Algorithms: An Experimental Evaluation},
  journal   = {CoRR},
  volume    = {abs/1409.6428},
  year      = {2014},
  url       = {http://arxiv.org/abs/1409.6428},
  timestamp = {Tue, 26 Apr 4442287 00:02:40 +},
  biburl    = {http://dblp.uni-trier.de/rec/bib/journals/corr/WaguihB14},
  bibsource = {dblp computer science bibliography, http://dblp.org}
}

@inproceedings{wu:corroborating,
  title={Corroborating Answers from Multiple Web Sources.},
  author={Wu, Minji and Marian, Am{\'e}lie},
  booktitle={WebDB},
  year={2007}
}

@article{yin:truth,
  title={Truth discovery with multiple conflicting information providers on the web},
  author={Yin, Xiaoxin and Han, Jiawei and Yu, Philip S},
  journal={Knowledge and Data Engineering, IEEE Transactions on},
  volume={20},
  number={6},
  pages={796--808},
  year={2008},
  publisher={IEEE}
}

@inproceedings{yu:wisdom,
  title={The wisdom of minority: Unsupervised slot filling validation based on multi-dimensional truth-finding},
  author={Yu, Dian and Huang, Hongzhao and Cassidy, Taylor and Ji, Heng and Wang, Chi and Zhi, Shi and Han, Jiawei and Voss, Clare and Magdon-Ismail, Malik},
  booktitle={Proc. The 25th International Conference on Computational Linguistics (COLING2014)},
  year={2014}
}

@article{zhao:bayesian,
  title={A bayesian approach to discovering truth from conflicting sources for data integration},
  author={Zhao, Bo and Rubinstein, Benjamin IP and Gemmell, Jim and Han, Jiawei},
  journal={Proceedings of the VLDB Endowment},
  volume={5},
  number={6},
  pages={550--561},
  year={2012},
  publisher={VLDB Endowment}
}

@inproceedings{zhao:truth,
  title={Truth Discovery in Data Streams: A Single-Pass Probabilistic Approach},
  author={Zhao, Zhou and Cheng, James and Ng, Wilfred},
  booktitle={Proceedings of the 23rd ACM International Conference on Conference on Information and Knowledge Management},
  pages={1589--1598},
  year={2014},
  organization={ACM}
}

@inproceedings{galland:corro,
  added-at = {2010-02-18T00:00:00.000+0100},
  author = {Galland, Alban and Abiteboul, Serge and Marian, Am√©lie and Senellart, Pierre},
  booktitle = {WSDM},
  keywords = {dblp},
  pages = {131-140},
  publisher = {ACM},
  title = {Corroborating information from disagreeing views.},
  year = 2010
}
@inproceedings{wang2012truth,
  title={On truth discovery in social sensing: A maximum likelihood estimation approach},
  author={Wang, Dong and Kaplan, Lance and Le, Hieu and Abdelzaher, Tarek},
  booktitle={Proceedings of the 11th international conference on Information Processing in Sensor Networks},
  pages={233--244},
  year={2012},
  organization={ACM}
}


